@online{DNIT,
author = {Departamento Nacional de Infraestrutura de Transportes DNIT},
title = {Departamento Nacional de Infraestrutura de Transportes},
year = {2015},
url = {http://www.dnit.gov.br/},
urldate = {2015-06-26}
}

@manual{bfs001,
  Author = {David Joyner and Minh van Nguyen and Nathann Cohen},
  Year = {2011},
  Title = {Algorithmic Graph Theory}
}

@online{gambas,
author = {Gambas Development Team},
title = {Gambas},
year = {2015},
url = {http://gambas.sourceforge.net/en/main.html},
urldate = {2015-06-12}
}

@online{briccxx,
author = {Bricxcc Team},
title = {Bricxcc Guide},
year = {2015},
url = {http://bricxcc.sourceforge.net/},
urldate = {2015-06-12}
}

@article{ Benedettelli,
	  author = "Daniele Benedettelli with revisions by John Hansen",
	  title = "Programming LEGO NXT Robots using NXC",
	  year = "2007"
}